@electronic{cite:ztar-ysm40r,
  organization = {Yamaha Motor Co., Ltd.},
  month        = {10},
  year         = {2023},
  title        = {Ultra-High-Speed Modular {Z:TA-R YSM40R} Overview},
  howpublised  = {Online},
  url          = {https://global.yamaha-motor.com/business/smt/mounter/ysm40r/}
}
	
@article{cite:setup-time-reduction,
  author  = {Sheri Coble Trovinger and E. Roger},
  title   = {Setup time reduction for electronics assembly: Combining simple ({SMED}) and {IT}-based methods},
  volume  = {14},
  number  = {2},
  journal = {Production and Operations Management},
  pages   = {10},
  year    = {2005},
  annote  = {}
}